<record><leader>00000cas a22000007a 4500</leader><controlfield tag="001">15010554</controlfield><controlfield tag="008">861223d18901890inudn ne      0    0eng d</controlfield><datafield ind1=" " ind2=" " tag="010"><subfield code="a">sn 86059214 </subfield></datafield><datafield ind1=" " ind2=" " tag="040"><subfield code="a">NPI</subfield><subfield code="b">eng</subfield><subfield code="c">NPI</subfield><subfield code="d">OCLCQ</subfield></datafield><datafield ind1=" " ind2=" " tag="042"><subfield code="a">msc</subfield></datafield><datafield ind1="0" ind2="0" tag="245"><subfield code="a">Daily Greencastle banner and times.</subfield></datafield><datafield ind1="3" ind2="0" tag="246"><subfield code="a">Greencastle banner and times</subfield></datafield><datafield ind1=" " ind2=" " tag="260"><subfield code="a">Greencastle, Ind. :</subfield><subfield code="b">Millard J. Beckett,</subfield><subfield code="c">-1890.</subfield></datafield><datafield ind1=" " ind2=" " tag="310"><subfield code="a">Daily (except Sun.)</subfield></datafield><datafield ind1="0" ind2=" " tag="362"><subfield code="a">-v. 2, no. 9 (Nov. 14, 1890).</subfield></datafield><datafield ind1=" " ind2=" " tag="580"><subfield code="a">Issued also in weekly edition called: Greencastle banner and times.</subfield></datafield><datafield ind1=" " ind2=" " tag="588"><subfield code="a">Description based on: Vol. 1, no. 281 (Oct. 1, 1890).</subfield></datafield><datafield ind1=" " ind2=" " tag="752"><subfield code="a">United States</subfield><subfield code="b">Indiana</subfield><subfield code="c">Putnam</subfield><subfield code="d">Greencastle.</subfield></datafield><datafield ind1="1" ind2=" " tag="775"><subfield code="t">Greencastle banner and times</subfield><subfield code="w">(DLC)sn 86059209</subfield></datafield><datafield ind1="0" ind2="0" tag="780"><subfield code="t">Greencastle daily sun</subfield><subfield code="w">(DLC)sn 86059213</subfield></datafield><datafield ind1="0" ind2="0" tag="785"><subfield code="t">Daily banner and times</subfield><subfield code="w">(DLC)sn 86059215</subfield></datafield></record>